% Encoding: ISO-8859-1

@Article{Downey2016Reconstructionplanestrain,
  author  = {Austin Downey and Simon Laflamme and Filippo Ubertini},
  title   = {Reconstruction of in-plane strain maps using hybrid dense sensor network composed of sensing skin},
  journal = {Measurement Science and Technology},
  year    = {2016},
  volume  = {27},
  number  = {12},
  pages   = {124016},
  month   = {nov},
  doi     = {https://doi.org/10.1088/0957-0233/27/12/124016},
  url     = {http://stacks.iop.org/0957-0233/27/i=12/a=124016},
}

@Article{Yao2015DetectionSteelFatigue,
  author    = {Yao Yao and Branko Glisic},
  title     = {Detection of Steel Fatigue Cracks with Strain Sensing Sheets Based on Large Area Electronics},
  journal   = {Sensors},
  year      = {2015},
  volume    = {15},
  number    = {4},
  pages     = {8088--8108},
  month     = {apr},
  doi       = {10.3390/s150408088},
  publisher = {{MDPI} {AG}},
  url       = {https://doi.org/10.3390%2Fs150408088},
}

@Article{Loh2009CarbonNanotubeSensing,
  author    = {Kenneth J. Loh and Tsung-Chin Hou and Jerome P. Lynch and Nicholas A. Kotov},
  title     = {Carbon Nanotube Sensing Skins for Spatial Strain and Impact Damage Identification},
  journal   = {Journal of Nondestructive Evaluation},
  year      = {2009},
  volume    = {28},
  number    = {1},
  pages     = {9--25},
  month     = {mar},
  doi       = {10.1007/s10921-009-0043-y},
  publisher = {Springer Nature},
  url       = {https://doi.org/10.1007%2Fs10921-009-0043-y},
}

@Comment{jabref-meta: databaseType:bibtex;}
